% Example bibtex file for ISMIR Template

@inproceedings{hawthorne2019enabling,
  title={Enabling factorized piano music modeling and generation with the {MAESTRO} dataset},
  author={Hawthorne, Curtis and Stasyuk, Andriy and Roberts, Adam and Simon, Ian and Huang, Cheng-Zhi Anna and Dieleman, Sander and Elsen, Erich and Engel, Jesse and Eck, Douglas},
  booktitle={ICLR},
  year={2019}
}

@article{ewert2014score,
  title={Score-informed source separation for musical audio recordings: An overview},
  author={Ewert, Sebastian and Pardo, Bryan and Muller, Meinard and Plumbley, Mark D},
  journal={IEEE Signal Processing Magazine},
  year={2014}
}

@inproceedings{castellon2021calm,
  title={Codified audio language modeling learns useful representations for music information retrieval},
  author={Castellon, Rodrigo and Donahue, Chris and Liang, Percy},
  booktitle={ISMIR},
  year={2021}
}

@inproceedings{de2014chordify,
  title={Chordify: Chord transcription for the masses},
  author={de Haas, Bas and Magalhaes, Jos{\'e} Pedro and Ten Heggeler, Dion and Bekenkamp, Gijs and Ruizendaal, Tijmen},
  booktitle={ISMIR Late-Breaking Demos},
  year={2014}
}

@article{ryynanen2008automatic,
  title={Automatic transcription of melody, bass line, and chords in polyphonic music},
  author={Ryyn{\"a}nen, Matti P and Klapuri, Anssi P},
  journal={Computer Music Journal},
  year={2008}
}

@inproceedings{goto2000robust,
  title={A robust predominant-F0 estimation method for real-time detection of melody and bass lines in {CD} recordings},
  author={Goto, Masataka},
  booktitle={ICASSP},
  year={2000}
}

@inproceedings{paiva2005detection,
  title={On the Detection of Melody Notes in Polyphonic Audio.},
  author={Paiva, Rui Pedro and Mendes, Teresa and Cardoso, Am{\'\i}lcar},
  booktitle={ISMIR},
  year={2005}
}

@article{salamon2014melody,
  title={Melody extraction from polyphonic music signals: Approaches, applications, and challenges},
  author={Salamon, Justin and G{\'o}mez, Emilia and Ellis, Daniel PW and Richard, Ga{\"e}l},
  journal={IEEE Signal Processing Magazine},
  year={2014}
}

@article{salamon2012melody,
  title={Melody extraction from polyphonic music signals using pitch contour characteristics},
  author={Salamon, Justin and G{\'o}mez, Emilia},
  journal={IEEE Transactions on Audio, Speech, and Language Processing},
  year={2012}
}

@inproceedings{nishikimi2016musical,
  title={Musical Note Estimation for F0 Trajectories of Singing Voices Based on a {B}ayesian Semi-Beat-Synchronous {HMM}},
  author={Nishikimi, Ryo and Nakamura, Eita and Itoyama, Katsutoshi and Yoshii, Kazuyoshi},
  booktitle={ISMIR},
  year={2016}
}

@inproceedings{nishikimi2017scale,
  title={Scale-and Rhythm-Aware Musical Note Estimation for Vocal F0 Trajectories Based on a Semi-Tatum-Synchronous Hierarchical Hidden Semi-Markov Model},
  author={Nishikimi, Ryo and Nakamura, Eita and Goto, Masataka and Itoyama, Katsutoshi and Yoshii, Kazuyoshi},
  booktitle={ISMIR},
  year={2017}
}

@article{nishikimi2020bayesian,
  title={Bayesian singing transcription based on a hierarchical generative model of keys, musical notes, and f0 trajectories},
  author={Nishikimi, Ryo and Nakamura, Eita and Goto, Masataka and Itoyama, Katsutoshi and Yoshii, Kazuyoshi},
  year={2020}
}

@article{dhariwal2020jukebox,
  title={Jukebox: A generative model for music},
  author={Dhariwal, Prafulla and Jun, Heewoo and Payne, Christine and Kim, Jong Wook and Radford, Alec and Sutskever, Ilya},
  journal={arXiv:2005.00341},
  year={2020}
}

@inproceedings{vaswani2017attention,
  title={Attention is all you need},
  author={Vaswani, Ashish and Shazeer, Noam and Parmar, Niki and Uszkoreit, Jakob and Jones, Llion and Gomez, Aidan N and Kaiser, {\L}ukasz and Polosukhin, Illia},
  booktitle={NeurIPS},
  year={2017}
}

@misc{hooktheory,
  title={{Hooktheory TheoryTab DB}},
  author={Anderson, Chris and Carlton, Dave and Miyakawa, Ryan and Schwachhofer, Dennis},
  howpublished={\url{https://www.hooktheory.com/theorytab}}
}

@inproceedings{bock2016madmom,
   title={\texttt{madmom}: a new {P}ython Audio and Music Signal Processing Library},
   author={B{\"o}ck, Sebastian and Korzeniowski, Filip and Schl{\"u}ter, Jan and Krebs, Florian and Widmer, Gerhard},
   booktitle={ACM International Conference on Multimedia},
   year={2016}
}

@article{temperley1999key,
  title={What's key for key? {T}he {Krumhansl-Schmuckler} key-finding algorithm reconsidered},
  author={Temperley, David},
  journal={Music Perception},
  year={1999}
}

@book{krumhansl1990cognitive,
  title={Cognitive foundations of musical pitch},
  author={Krumhansl, Carol L},
  year={1990},
  publisher={Oxford University Press}
}

@inproceedings{bock2016joint,
  title={Joint Beat and Downbeat Tracking with Recurrent Neural Networks},
  author={B{\"o}ck, Sebastian and Krebs, Florian and Widmer, Gerhard},
  booktitle={ISMIR},
  year={2016}
}

@inproceedings{nienhuys2003lilypond,
  title={LilyPond, a system for automated music engraving},
  author={Nienhuys, Han-Wen and Nieuwenhuizen, Jan},
  booktitle={Colloquium on Musical Informatics},
  year={2003}
}

@inproceedings{goto2002rwc,
  title={{RWC} Music Database: Popular, Classical and Jazz Music Databases},
  author={Goto, Masataka and Hashiguchi, Hiroki and Nishimura, Takuichi and Oka, Ryuichi},
  booktitle={ISMIR},
  year={2002}
}

@article{hennequin2020spleeter,
  title={Spleeter: a fast and efficient music source separation tool with pre-trained models},
  author={Hennequin, Romain and Khlif, Anis and Voituret, Felix and Moussallam, Manuel},
  journal={Journal of Open Source Software},
  year={2020}
}

@inproceedings{mauch2015computer,
  title={Computer-aided melody note transcription using the {Tony} software: Accuracy and efficiency},
  author={Mauch, Matthias and Cannam, Chris and Bittner, Rachel and Fazekas, George and Salamon, Justin and Dai, Jiajie and Bello, Juan and Dixon, Simon},
  booktitle={International Conference on Technologies for Music Notation and Representation},
  year={2015}
}

@inproceedings{hawthorne2018onsets,
  title={Onsets and frames: Dual-objective piano transcription},
  author={Hawthorne, Curtis and Elsen, Erich and Song, Jialin and Roberts, Adam and Simon, Ian and Raffel, Colin and Engel, Jesse and Oore, Sageev and Eck, Douglas},
  booktitle={ISMIR},
  year={2018}
}

@inproceedings{bainbridge1999towards,
  title={Towards a digital library of popular music},
  author={Bainbridge, David and Nevill-Manning, Craig G and Witten, Ian H and Smith, Lloyd A and McNab, Rodger J},
  booktitle={ACM Conference on Digital Libraries},
  year={1999}
}

@article{gouyon2005review,
  title={A review of automatic rhythm description systems},
  author={Gouyon, Fabien and Dixon, Simon},
  journal={Computer music journal},
  year={2005}
}

@article{ycart2020investigating,
  title={Investigating the perceptual validity of evaluation metrics for automatic piano music transcription},
  author={Ycart, Adrien and Liu, Lele and Benetos, Emmanouil and Pearce, M},
  journal={Transactions of the International Society for Music Information Retrieval},
  year={2020}
}

@inproceedings{ghias1995query,
  title={Query by humming: Musical information retrieval in an audio database},
  author={Ghias, Asif and Logan, Jonathan and Chamberlin, David and Smith, Brian C},
  booktitle={ACM International Conference on Multimedia},
  year={1995}
}

@article{jenson2016so,
  title={So you think you can play: An exploratory study of music video games},
  author={Jenson, Jen and De Castell, Suzanne and Muehrer, Rachel and Droumeva, Milena},
  journal={Journal of Music, Technology \& Education},
  year={2016}
}